<?xml version='1.0' encoding='UTF-8'?>
<record xmlns="http://www.loc.gov/MARC21/slim">
  <leader>01935cam a2200373Ma 4500</leader>
  <controlfield tag="001">2772136</controlfield>
  <controlfield tag="003">NjP</controlfield>
  <controlfield tag="005">20171013174311.0</controlfield>
  <controlfield tag="008">970807s1964    ir       b    000 0 araod</controlfield>
  <datafield tag="024" ind1="7" ind2=" ">
    <subfield code="a">princeton_aco001752</subfield>
    <subfield code="2">local</subfield>
  </datafield>
  <datafield ind1=" " ind2=" " tag="035">
    <subfield code="a">(OCoLC)ocn178464432</subfield>
  </datafield>
  <datafield ind1=" " ind2=" " tag="035">
    <subfield code="a">(OCoLC)ocm37613831</subfield>
  </datafield>
  <datafield ind1=" " ind2=" " tag="040">
    <subfield code="a">HLS</subfield>
    <subfield code="c">PUL</subfield>
    <subfield code="d">PUL</subfield>
  </datafield>
  <datafield ind1=" " ind2=" " tag="035">
    <subfield code="a">(OCoLC)178464432</subfield>
  </datafield>
  <datafield ind1=" " ind2=" " tag="035">
    <subfield code="9">CNG9192TS</subfield>
  </datafield>
  <datafield ind1=" " ind2=" " tag="035">
    <subfield code="a">(NjP)2772136</subfield>
  </datafield>
  <datafield ind1=" " ind2=" " tag="079">
    <subfield code="a">ocm37613831</subfield>
  </datafield>
  <datafield ind1=" " ind2=" " tag="049">
    <subfield code="a">PULL</subfield>
  </datafield>
  <datafield ind1="1" ind2=" " tag="100">
    <subfield code="6">880-01</subfield>
    <subfield code="a">Suyūrī, al-Miqdād ibn ʻAbd Allāh,</subfield>
    <subfield code="d">-1423.</subfield>
    <subfield code="0">http://id.loc.gov/authorities/names/n85331637</subfield>
  </datafield>
  <datafield ind1="1" ind2="0" tag="245">
    <subfield code="6">880-02</subfield>
    <subfield code="a">Kanz al-ʻirfān fī fiqh al-Qurʼān /</subfield>
    <subfield code="c">li-Jamāl al-Dīn al-Miqdād ibn ʻAbd Allāh al-Suyūrī al ; ʻallaqa ʻalayhi Muḥammad Bāqir Sharīf Zāddah wa-ashraf ʻalá taṣḥiḥuh wa-ikhrāj aḥādithuh Muḥammad Bāqir al-Bahbūdī.</subfield>
  </datafield>
  <datafield ind1=" " ind2=" " tag="260">
    <subfield code="6">880-03</subfield>
    <subfield code="a">Ṭihrān :</subfield>
    <subfield code="b">al-Maktabah al-Murtaḍawīyah,</subfield>
    <subfield code="c">1384 [1964]</subfield>
  </datafield>
  <datafield ind1=" " ind2=" " tag="300">
    <subfield code="a">4 v. in 3 ;</subfield>
    <subfield code="c">25 cm.</subfield>
  </datafield>
  <datafield ind1=" " ind2=" " tag="504">
    <subfield code="a">Includes bibliographical references.</subfield>
  </datafield>
  <datafield ind1=" " ind2="0" tag="650">
    <subfield code="a">Islamic law.</subfield>
    <subfield code="0">http://id.loc.gov/authorities/subjects/sh85068454</subfield>
  </datafield>
  <datafield ind1=" " ind2="0" tag="650">
    <subfield code="a">Islam</subfield>
    <subfield code="x">Customs and practices.</subfield>
    <subfield code="0">http://id.loc.gov/authorities/subjects/sh87005732</subfield>
  </datafield>
  <datafield ind1="1" ind2=" " tag="700">
    <subfield code="6">880-04</subfield>
    <subfield code="a">Sharīf, Muḥammad Bāqir.</subfield>
  </datafield>
  <datafield ind1="1" ind2=" " tag="700">
    <subfield code="6">880-05</subfield>
    <subfield code="a">Bahbūdī, Muḥammad al-Bāqir.</subfield>
  </datafield>
  <datafield ind1=" " ind2=" " tag="752">
    <subfield code="a">Iran</subfield>
    <subfield code="d">Tehran.</subfield>
  </datafield>
  <datafield ind1="1" ind2=" " tag="880">
    <subfield code="6">100-01/r</subfield>
    <subfield code="a">سيوري، المقداد بن عبد الله،</subfield>
    <subfield code="d">-1423.</subfield>
  </datafield>
  <datafield ind1="1" ind2="0" tag="880">
    <subfield code="6">245-02/r</subfield>
    <subfield code="a">كنز العرفان في فقه القرآن /</subfield>
    <subfield code="c">لجمال الدين المقداد بن عبد الله السيوري ال ؛ علق عليه محمد باقر شريف زادة واشرف على تصححه واخراج احادثه محمد باقر البهبودي.</subfield>
  </datafield>
  <datafield ind1=" " ind2=" " tag="880">
    <subfield code="6">260-03/r</subfield>
    <subfield code="a">طهران :</subfield>
    <subfield code="b">المكتبة المرتضوية،</subfield>
    <subfield code="c">1384 [1964]</subfield>
  </datafield>
  <datafield ind1="1" ind2=" " tag="880">
    <subfield code="6">700-04/r</subfield>
    <subfield code="a">شريف، محمد باقر.</subfield>
  </datafield>
  <datafield ind1="1" ind2=" " tag="880">
    <subfield code="6">700-05/r</subfield>
    <subfield code="a">بهبودي، محمد الباقر.</subfield>
  </datafield>
  <datafield ind1=" " ind2=" " tag="911">
    <subfield code="a">20000130</subfield>
  </datafield>
  <datafield ind1=" " ind2=" " tag="994">
    <subfield code="a">C0</subfield>
    <subfield code="b">PUL</subfield>
  </datafield>
  <datafield ind1=" " ind2=" " tag="999">
    <subfield code="a">2772136</subfield>
  </datafield>
  <datafield ind1="0" ind2="1" tag="852">
    <subfield code="0">3082985</subfield>
    <subfield code="b">nec</subfield>
    <subfield code="t">1</subfield>
    <subfield code="h">KBP283.S89</subfield>
    <subfield code="i">A353 1964</subfield>
  </datafield>
  <datafield ind1=" " ind2="0" tag="866">
    <subfield code="0">3082985</subfield>
    <subfield code="8">0</subfield>
    <subfield code="a">v.1-4</subfield>
  </datafield>
  <datafield ind1=" " ind2=" " tag="959">
    <subfield code="a">2009-10-29 11:56:23 -0500</subfield>
  </datafield>
</record>
